@misc{geeksIntro, title={Red-Black Tree: Set 1 (Introduction)}, url={https://www.geeksforgeeks.org/red-black-tree-set-1-introduction-2/}, journal={GeeksforGeeks}, year={2019}, month={Nov}}

@misc{geeksInsert, title={Red-Black Tree: Set 2 (Insert)}, url={https://www.geeksforgeeks.org/red-black-tree-set-2-insert/}, journal={GeeksforGeeks}, year={2019}, month={Jul}}

@misc{geeksDelete, title={Red-Black Tree: Set 3 (Delete)}, url={https://www.geeksforgeeks.org/red-black-tree-set-3-delete-2/}, journal={GeeksforGeeks}, year={2018}, month={Oct}}

@misc{swick, title={2-3 search trees.}, url={https://algs4.cs.princeton.edu/33balanced/}, journal={Princeton University}, publisher={The Trustees of Princeton University}, author={Sedgewick, Robert and Wayne, Kevin}}
@misc{lwn.net, title={Trees II: red-black trees}, url={https://lwn.net/Articles/184495/}, journal={[LWN.net]}}

@misc{wpedia, title={Red–black tree}, url={https://en.wikipedia.org/wiki/Red–black_tree#cite_note-Bayer72-4}, journal={Wikipedia}, publisher={Wikimedia Foundation}, year={2020}, month={Mar}}

@misc{zentut, title={Red Black Tree}, url={https://www.zentut.com/c-tutorial/c-red-black-tree/}, journal={ZenTut}}
