@misc{linuxKernelArchives,
	title={CFS Scheduler},
	url={https://www.kernel.org/doc/Documentation/scheduler/sched-design-CFS.txt},
	journal={The Linux Kernel Archives}
}

@misc{larabel_2020,
	title={Linux CFS Improvement Forthcoming To Help With Faster Spreading Of CPU Utilization},
	url={https://www.phoronix.com/scan.php?page=news_item&px=Linux-CFS-Spread-Util-Better},
	journal={Phoronix},
	author={Larabel, Michael},
	year={2020},
	month={Mar}
}

@misc{molnar_2007,
	title={[patch] Modular Scheduler Core and Completely Fair Scheduler [CFS]},
	url={https://lwn.net/Articles/230501/}, journal={[patch] Modular Scheduler Core and Completely Fair Scheduler [CFS] [LWN.net]},
	author={Molnar, Ingo},
	year={2007},
	month={Apr}
}

@misc{pabla_2009,
	title={Completely Fair Scheduler },
	url={https://www.linuxjournal.com/node/10267},
	journal={Linux Journal}, author={Pabla, Chandandeep Singh},
	year={2009},
	month={Aug}
}

@misc{ott_2012,
	title={Wireless Networking with IEEE 802.15.4 and 6LoWPAN},
	url={https://elinux.org/images/7/71/Wireless_Networking_with_IEEE_802.15.4_and_6LoWPAN.pdf},
	author={Ott, Alan},
	year={2012},
	month={Nov}
}

@misc{schmidt_2017,
	title={Linux-wpan: IEEE 802.15.4 and 6LoWPAN in Linux},
	url={http://connect.linaro.org.s3.amazonaws.com/bud17/Presentations/BUD17-120 - Linux-wpan- IEEE 802.15.4 and 6LoWPAN in the Linux Kernel.pdf},
	author={Schmidt, Stefan},
	year={2017},
	month={Mar}
}

@misc{electronics_notes,
	title={IEEE 802.15.4 Standard: a tutorial / primer},
	url={https://www.electronics-notes.com/articles/connectivity/ieee-802-15-4-wireless/basics-tutorial-primer.php},
	journal={Electronics Notes}
}

@misc{cfg80211_subsystem, title={cfg80211 subsystem¶}, url={https://www.kernel.org/doc/html/latest/driver-api/80211/cfg80211.html}, journal={cfg80211 subsystem - The Linux Kernel documentation}}

@misc{v4v6, title={Comparison of IPv4 and IPv6}, url={https://www.ibm.com/support/knowledgecenter/en/ssw_ibm_i_72/rzai2/rzai2compipv4ipv6.htm}, journal={IBM Knowledge Center}}

@misc{guru99, title={IPv4 vs IPv6: What's the Difference?}, url={https://www.guru99.com/difference-ipv4-vs-ipv6.html}, journal={Guru99}}

@misc{v6Concepts, title={IPv6 Concepts}, url={https://www.ibm.com/support/knowledgecenter/en/ssw_ibm_i_72/rzai2/rzai2ipv6concepts.htm}, journal={IBM Knowledge Center}}

@article{khattak, title={IP Layer Implementation of Linux Kernel Stack}, url={https://wiki.aalto.fi/download/attachments/70789059/linux-kernel-ip.pdf}, author={Khattak, Fida Ullah}}

@misc{cfg80211, title={Linux Wireless - About cfg80211}, url={https://wireless.wiki.kernel.org/en/developers/documentation/cfg80211}, journal={en:developers:documentation:cfg80211 [Linux Wireless]}}

@misc{hostapd, title={Linux Wireless - About hostapd}, url={https://wireless.wiki.kernel.org/en/users/documentation/hostapd}, journal={en:users:documentation:hostapd [Linux Wireless]}}

@misc{iw, title={Linux Wireless - About iw}, url={https://wireless.wiki.kernel.org/en/users/documentation/iw}, journal={en:users:documentation:iw [Linux Wireless]}}

@misc{mac80211, title={Linux Wireless - About mac80211}, url={https://wireless.wiki.kernel.org/en/developers/documentation/mac80211}, journal={en:developers:documentation:mac80211 [Linux Wireless]}}

@misc{nl80211, title={Linux Wireless - About nl80211}, url={https://wireless.wiki.kernel.org/en/developers/documentation/nl80211#dokuwiki__top}, journal={en:developers:documentation:nl80211 [Linux Wireless]}}

@misc{drivers, title={Linux Wireless - Existing Linux Wireless Drivers}, url={https://wireless.wiki.kernel.org/en/users/drivers}, journal={en:users:drivers [Linux Wireless]}}

@misc{wpa_supplicant, title={Linux WPA/WPA2/IEEE 802.1 Supplicant}, url={http://w1.fi/wpa_supplicant/}, journal={Linux WPA Supplicant (IEEE 802.1X, WPA, WPA2, RSN, IEEE 802.11i)}}

@misc{ietftools, title={The Recommendation for the IP Next Generation Protocol}, url={https://tools.ietf.org/html/rfc1752#page-7}, journal={IETF Tools}}

@misc{ipcisco, title={Unicast, Broadcast, Multicast, Anycast ⋆ IpCisco}, url={https://ipcisco.com/lesson/unicast-broadcast-multicast-anycast/}, journal={IpCisco}}

@misc{chou_2015, title={Linux Wireless Networking: a short walk}, url={https://www.linux.com/training-tutorials/linux-wireless-networking-short-walk/}, journal={Linux.com}, author={Chou, Fred}, year={2015}, month={Mar}}

@article{collier_2020, title={EE562 - Network Stack Implementation}, author={Collier, Martin}, year={2020}}
